@book{Santos2016,
	title = {Cálculo numa Variável Real},
	author = {Santos, {João Paulo}},
	year = {2016},
	month = {11},
	edition = {2},
	series = {Ensino da Ciência e Tecnologia},
	number = {49},
	publisher = {IST Press},
	isbn = {978-989-8481-18-4}
}
